@ARTICLE{2020A&A...644A.159C,
       author = {{Charlot}, P. and {Jacobs}, C.~S. and {Gordon}, D. and {Lambert}, S. and {de Witt}, A. and {B{\"o}hm}, J. and {Fey}, A.~L. and {Heinkelmann}, R. and {Skurikhina}, E. and {Titov}, O. and {Arias}, E.~F. and {Bolotin}, S. and {Bourda}, G. and {Ma}, C. and {Malkin}, Z. and {Nothnagel}, A. and {Mayer}, D. and {MacMillan}, D.~S. and {Nilsson}, T. and {Gaume}, R.},
        title = "{The third realization of the International Celestial Reference Frame by very long baseline interferometry}",
      journal = {\aap},
     keywords = {reference systems, astrometry, techniques: interferometric, quasars: general, galaxies: nuclei, radio continuum: general, Astrophysics - Astrophysics of Galaxies},
         year = 2020,
        month = dec,
       volume = {644},
          eid = {A159},
        pages = {A159},
          doi = {10.1051/0004-6361/202038368},
archivePrefix = {arXiv},
       eprint = {2010.13625},
 primaryClass = {astro-ph.GA},
       adsurl = {https://ui.adsabs.harvard.edu/abs/2020A&A...644A.159C},
      adsnote = {Provided by the SAO/NASA Astrophysics Data System}
}

@ARTICLE{2020A&A...634A..28L,
       author = {{Liu}, N. and {Lambert}, S.~B. and {Zhu}, Z. and {Liu}, J. -C.},
        title = "{Systematics and accuracy of VLBI astrometry: A comparison with Gaia Data Release 2}",
      journal = {\aap},
     keywords = {techniques: interferometric, astrometry, reference systems, Astrophysics - Instrumentation and Methods for Astrophysics},
         year = 2020,
        month = feb,
       volume = {634},
          eid = {A28},
        pages = {A28},
          doi = {10.1051/0004-6361/201936996},
archivePrefix = {arXiv},
       eprint = {1912.07396},
 primaryClass = {astro-ph.IM},
       adsurl = {https://ui.adsabs.harvard.edu/abs/2020A&A...634A..28L},
      adsnote = {Provided by the SAO/NASA Astrophysics Data System}
}

@ARTICLE{2019A&A...630A..93M,
       author = {{MacMillan}, D.~S. and {Fey}, A. and {Gipson}, J.~M. and {Gordon}, D. and {Jacobs}, C.~S. and {Kr{\'a}sn{\'a}}, H. and {Lambert}, S.~B. and {Malkin}, Z. and {Titov}, O. and {Wang}, G. and {Xu}, M.~H.},
        title = "{Galactocentric acceleration in VLBI analysis. Findings of IVS WG8}",
      journal = {\aap},
     keywords = {astrometry, reference systems, techniques: interferometric},
         year = 2019,
        month = oct,
       volume = {630},
          eid = {A93},
        pages = {A93},
          doi = {10.1051/0004-6361/201935379},
       adsurl = {https://ui.adsabs.harvard.edu/abs/2019A&A...630A..93M},
      adsnote = {Provided by the SAO/NASA Astrophysics Data System}
}

@ARTICLE{2018A&A...618A..80G,
       author = {{Gattano}, C. and {Lambert}, S.~B. and {Le Bail}, K.},
        title = "{Extragalactic radio source stability and VLBI celestial reference frame: insights from the Allan standard deviation}",
      journal = {\aap},
     keywords = {techniques: interferometric, astrometry, reference systems},
         year = 2018,
        month = oct,
       volume = {618},
          eid = {A80},
        pages = {A80},
          doi = {10.1051/0004-6361/201833430},
       adsurl = {https://ui.adsabs.harvard.edu/abs/2018A&A...618A..80G},
      adsnote = {Provided by the SAO/NASA Astrophysics Data System}
}

@ARTICLE{2018A&A...616A..14G,
       author = {{Gaia Collaboration} and {Mignard}, F. and {Klioner}, S.~A. and {Lindegren}, L. and {Hern{\'a}ndez}, J. and {Bastian}, U. and {Bombrun}, A. and {Hobbs}, D. and {Lammers}, U. and {Michalik}, D. and {Ramos-Lerate}, M. and {Biermann}, M. and {Fern{\'a}ndez-Hern{\'a}ndez}, J. and {Geyer}, R. and {Hilger}, T. and {Siddiqui}, H.~I. and {Steidelm{\"u}ller}, H. and {Babusiaux}, C. and {Barache}, C. and {Lambert}, S. and {Andrei}, A.~H. and {Bourda}, G. and {Charlot}, P. and {Brown}, A.~G.~A. and {Vallenari}, A. and {Prusti}, T. and {de Bruijne}, J.~H.~J. and {Bailer-Jones}, C.~A.~L. and {Evans}, D.~W. and {Eyer}, L. and {Jansen}, F. and {Jordi}, C. and {Luri}, X. and {Panem}, C. and {Pourbaix}, D. and {Randich}, S. and {Sartoretti}, P. and {Soubiran}, C. and {van Leeuwen}, F. and {Walton}, N.~A. and {Arenou}, F. and {Cropper}, M. and {Drimmel}, R. and {Katz}, D. and {Lattanzi}, M.~G. and {Bakker}, J. and {Cacciari}, C. and {Casta{\~n}eda}, J. and {Chaoul}, L. and {Cheek}, N. and {De Angeli}, F. and {Fabricius}, C. and {Guerra}, R. and {Holl}, B. and {Masana}, E. and {Messineo}, R. and {Mowlavi}, N. and {Nienartowicz}, K. and {Panuzzo}, P. and {Portell}, J. and {Riello}, M. and {Seabroke}, G.~M. and {Tanga}, P. and {Th{\'e}venin}, F. and {Gracia-Abril}, G. and {Comoretto}, G. and {Garcia-Reinaldos}, M. and {Teyssier}, D. and {Altmann}, M. and {Andrae}, R. and {Audard}, M. and {Bellas-Velidis}, I. and {Benson}, K. and {Berthier}, J. and {Blomme}, R. and {Burgess}, P. and {Busso}, G. and {Carry}, B. and {Cellino}, A. and {Clementini}, G. and {Clotet}, M. and {Creevey}, O. and {Davidson}, M. and {De Ridder}, J. and {Delchambre}, L. and {Dell'Oro}, A. and {Ducourant}, C. and {Fouesneau}, M. and {Fr{\'e}mat}, Y. and {Galluccio}, L. and {Garc{\'\i}a-Torres}, M. and {Gonz{\'a}lez-N{\'u}{\~n}ez}, J. and {Gonz{\'a}lez-Vidal}, J.~J. and {Gosset}, E. and {Guy}, L.~P. and {Halbwachs}, J. -L. and {Hambly}, N.~C. and {Harrison}, D.~L. and {Hestroffer}, D. and {Hodgkin}, S.~T. and {Hutton}, A. and {Jasniewicz}, G. and {Jean-Antoine-Piccolo}, A. and {Jordan}, S. and {Korn}, A.~J. and {Krone-Martins}, A. and {Lanzafame}, A.~C. and {Lebzelter}, T. and {L{\"o}ffler}, W. and {Manteiga}, M. and {Marrese}, P.~M. and {Mart{\'\i}n-Fleitas}, J.~M. and {Moitinho}, A. and {Mora}, A. and {Muinonen}, K. and {Osinde}, J. and {Pancino}, E. and {Pauwels}, T. and {Petit}, J. -M. and {Recio-Blanco}, A. and {Richards}, P.~J. and {Rimoldini}, L. and {Robin}, A.~C. and {Sarro}, L.~M. and {Siopis}, C. and {Smith}, M. and {Sozzetti}, A. and {S{\"u}veges}, M. and {Torra}, J. and {van Reeven}, W. and {Abbas}, U. and {Abreu Aramburu}, A. and {Accart}, S. and {Aerts}, C. and {Altavilla}, G. and {{\'A}lvarez}, M.~A. and {Alvarez}, R. and {Alves}, J. and {Anderson}, R.~I. and {Anglada Varela}, E. and {Antiche}, E. and {Antoja}, T. and {Arcay}, B. and {Astraatmadja}, T.~L. and {Bach}, N. and {Baker}, S.~G. and {Balaguer-N{\'u}{\~n}ez}, L. and {Balm}, P. and {Barata}, C. and {Barbato}, D. and {Barblan}, F. and {Barklem}, P.~S. and {Barrado}, D. and {Barros}, M. and {Barstow}, M.~A. and {Bartholom{\'e} Mu{\~n}oz}, L. and {Bassilana}, J. -L. and {Becciani}, U. and {Bellazzini}, M. and {Berihuete}, A. and {Bertone}, S. and {Bianchi}, L. and {Bienaym{\'e}}, O. and {Blanco-Cuaresma}, S. and {Boch}, T. and {Boeche}, C. and {Borrachero}, R. and {Bossini}, D. and {Bouquillon}, S. and {Bragaglia}, A. and {Bramante}, L. and {Breddels}, M.~A. and {Bressan}, A. and {Brouillet}, N. and {Br{\"u}semeister}, T. and {Brugaletta}, E. and {Bucciarelli}, B. and {Burlacu}, A. and {Busonero}, D. and {Butkevich}, A.~G. and {Buzzi}, R. and {Caffau}, E. and {Cancelliere}, R. and {Cannizzaro}, G. and {Cantat-Gaudin}, T. and {Carballo}, R. and {Carlucci}, T. and {Carrasco}, J.~M. and {Casamiquela}, L. and {Castellani}, M. and {Castro-Ginard}, A. and {Chemin}, L. and {Chiavassa}, A. and {Cocozza}, G. and {Costigan}, G. and {Cowell}, S. and {Crifo}, F. and {Crosta}, M. and {Crowley}, C. and {Cuypers}, J. and {Dafonte}, C. and {Damerdji}, Y. and {Dapergolas}, A. and {David}, P. and {David}, M. and {de Laverny}, P. and {De Luise}, F. and {De March}, R. and {de Souza}, R. and {de Torres}, A. and {Debosscher}, J. and {del Pozo}, E. and {Delbo}, M. and {Delgado}, A. and {Delgado}, H.~E. and {Diakite}, S. and {Diener}, C. and {Distefano}, E. and {Dolding}, C. and {Drazinos}, P. and {Dur{\'a}n}, J. and {Edvardsson}, B. and {Enke}, H. and {Eriksson}, K. and {Esquej}, P. and {Eynard Bontemps}, G. and {Fabre}, C. and {Fabrizio}, M. and {Faigler}, S. and {Falc{\~a}o}, A.~J. and {Farr{\`a}s Casas}, M. and {Federici}, L. and {Fedorets}, G. and {Fernique}, P. and {Figueras}, F. and {Filippi}, F. and {Findeisen}, K. and {Fonti}, A. and {Fraile}, E. and {Fraser}, M. and {Fr{\'e}zouls}, B. and {Gai}, M. and {Galleti}, S. and {Garabato}, D. and {Garc{\'\i}a-Sedano}, F. and {Garofalo}, A. and {Garralda}, N. and {Gavel}, A. and {Gavras}, P. and {Gerssen}, J. and {Giacobbe}, P. and {Gilmore}, G. and {Girona}, S. and {Giuffrida}, G. and {Glass}, F. and {Gomes}, M. and {Granvik}, M. and {Gueguen}, A. and {Guerrier}, A. and {Guiraud}, J. and {Guti{\'e}}, R. and {Haigron}, R. and {Hatzidimitriou}, D. and {Hauser}, M. and {Haywood}, M. and {Heiter}, U. and {Helmi}, A. and {Heu}, J. and {Hofmann}, W. and {Holland}, G. and {Huckle}, H.~E. and {Hypki}, A. and {Icardi}, V. and {Jan{\ss}en}, K. and {Jevardat de Fombelle}, G. and {Jonker}, P.~G. and {Juh{\'a}sz}, A.~L. and {Julbe}, F. and {Karampelas}, A. and {Kewley}, A. and {Klar}, J. and {Kochoska}, A. and {Kohley}, R. and {Kolenberg}, K. and {Kontizas}, M. and {Kontizas}, E. and {Koposov}, S.~E. and {Kordopatis}, G. and {Kostrzewa-Rutkowska}, Z. and {Koubsky}, P. and {Lanza}, A.~F. and {Lasne}, Y. and {Lavigne}, J. -B. and {Le Fustec}, Y. and {Le Poncin-Lafitte}, C. and {Lebreton}, Y. and {Leccia}, S. and {Leclerc}, N. and {Lecoeur-Taibi}, I. and {Lenhardt}, H. and {Leroux}, F. and {Liao}, S. and {Licata}, E. and {Lindstr{\o}m}, H.~E.~P. and {Lister}, T.~A. and {Livanou}, E. and {Lobel}, A. and {L{\'o}pez}, M. and {Managau}, S. and {Mann}, R.~G. and {Mantelet}, G. and {Marchal}, O. and {Marchant}, J.~M. and {Marconi}, M. and {Marinoni}, S. and {Marschalk{\'o}}, G. and {Marshall}, D.~J. and {Martino}, M. and {Marton}, G. and {Mary}, N. and {Massari}, D. and {Matijevi{\v{c}}}, G. and {Mazeh}, T. and {McMillan}, P.~J. and {Messina}, S. and {Millar}, N.~R. and {Molina}, D. and {Molinaro}, R. and {Moln{\'a}r}, L. and {Montegriffo}, P. and {Mor}, R. and {Morbidelli}, R. and {Morel}, T. and {Morris}, D. and {Mulone}, A.~F. and {Muraveva}, T. and {Musella}, I. and {Nelemans}, G. and {Nicastro}, L. and {Noval}, L. and {O'Mullane}, W. and {Ord{\'e}novic}, C. and {Ord{\'o}{\~n}ez-Blanco}, D. and {Osborne}, P. and {Pagani}, C. and {Pagano}, I. and {Pailler}, F. and {Palacin}, H. and {Palaversa}, L. and {Panahi}, A. and {Pawlak}, M. and {Piersimoni}, A.~M. and {Pineau}, F. -X. and {Plachy}, E. and {Plum}, G. and {Poggio}, E. and {Poujoulet}, E. and {Pr{\v{s}}a}, A. and {Pulone}, L. and {Racero}, E. and {Ragaini}, S. and {Rambaux}, N. and {Regibo}, S. and {Reyl{\'e}}, C. and {Riclet}, F. and {Ripepi}, V. and {Riva}, A. and {Rivard}, A. and {Rixon}, G. and {Roegiers}, T. and {Roelens}, M. and {Romero-G{\'o}mez}, M. and {Rowell}, N. and {Royer}, F. and {Ruiz-Dern}, L. and {Sadowski}, G. and {Sagrist{\`a} Sell{\'e}s}, T. and {Sahlmann}, J. and {Salgado}, J. and {Salguero}, E. and {Sanna}, N. and {Santana-Ros}, T. and {Sarasso}, M. and {Savietto}, H. and {Schultheis}, M. and {Sciacca}, E. and {Segol}, M. and {Segovia}, J.~C. and {S{\'e}gransan}, D. and {Shih}, I. -C. and {Siltala}, L. and {Silva}, A.~F. and {Smart}, R.~L. and {Smith}, K.~W. and {Solano}, E. and {Solitro}, F. and {Sordo}, R. and {Soria Nieto}, S. and {Souchay}, J. and {Spagna}, A. and {Spoto}, F. and {Stampa}, U. and {Steele}, I.~A. and {Stephenson}, C.~A. and {Stoev}, H. and {Suess}, F.~F. and {Surdej}, J. and {Szabados}, L. and {Szegedi-Elek}, E. and {Tapiador}, D. and {Taris}, F. and {Tauran}, G. and {Taylor}, M.~B. and {Teixeira}, R. and {Terrett}, D. and {Teyssandier}, P. and {Thuillot}, W. and {Titarenko}, A. and {Torra Clotet}, F. and {Turon}, C. and {Ulla}, A. and {Utrilla}, E. and {Uzzi}, S. and {Vaillant}, M. and {Valentini}, G. and {Valette}, V. and {van Elteren}, A. and {Van Hemelryck}, E. and {van Leeuwen}, M. and {Vaschetto}, M. and {Vecchiato}, A. and {Veljanoski}, J. and {Viala}, Y. and {Vicente}, D. and {Vogt}, S. and {von Essen}, C. and {Voss}, H. and {Votruba}, V. and {Voutsinas}, S. and {Walmsley}, G. and {Weiler}, M. and {Wertz}, O. and {Wevers}, T. and {Wyrzykowski}, {\L}. and {Yoldas}, A. and {{\v{Z}}erjal}, M. and {Ziaeepour}, H. and {Zorec}, J. and {Zschocke}, S. and {Zucker}, S. and {Zurbach}, C. and {Zwitter}, T.},
        title = "{Gaia Data Release 2. The celestial reference frame (Gaia-CRF2)}",
      journal = {\aap},
     keywords = {astrometry, reference systems, catalogs, Astrophysics - Astrophysics of Galaxies, Astrophysics - Instrumentation and Methods for Astrophysics},
         year = 2018,
        month = aug,
       volume = {616},
          eid = {A14},
        pages = {A14},
          doi = {10.1051/0004-6361/201832916},
archivePrefix = {arXiv},
       eprint = {1804.09377},
 primaryClass = {astro-ph.GA},
       adsurl = {https://ui.adsabs.harvard.edu/abs/2018A&A...616A..14G},
      adsnote = {Provided by the SAO/NASA Astrophysics Data System}
}

@ARTICLE{2018A&A...611A..52T,
       author = {{Taris}, F. and {Damljanovic}, G. and {Andrei}, A. and {Souchay}, J. and {Klotz}, A. and {Vachier}, F.},
        title = "{Variability of extragalactic sources: its contribution to the link between ICRF and the future Gaia Celestial Reference Frame}",
      journal = {\aap},
     keywords = {reference systems, quasars: general, galaxies: photometry, methods: data analysis},
         year = 2018,
        month = mar,
       volume = {611},
          eid = {A52},
        pages = {A52},
          doi = {10.1051/0004-6361/201731362},
       adsurl = {https://ui.adsabs.harvard.edu/abs/2018A&A...611A..52T},
      adsnote = {Provided by the SAO/NASA Astrophysics Data System}
}

@ARTICLE{2017JGeod..91..711N,
       author = {{Nothnagel}, A. and {Artz}, T. and {Behrend}, D. and {Malkin}, Z.},
        title = "{International VLBI Service for Geodesy and Astrometry. Delivering high-quality products and embarking on observations of the next generation}",
      journal = {Journal of Geodesy},
     keywords = {VLBI, Polar motion, Product quality, VLBI Global Observing System},
         year = 2017,
        month = jul,
       volume = {91},
       number = {7},
        pages = {711-721},
          doi = {10.1007/s00190-016-0950-5},
       adsurl = {https://ui.adsabs.harvard.edu/abs/2017JGeod..91..711N},
      adsnote = {Provided by the SAO/NASA Astrophysics Data System}
}

@ARTICLE{2017MNRAS.466.1567L,
       author = {{Liu}, N. and {Liu}, J. -C. and {Zhu}, Z.},
        title = "{Test of source selection for constructing a more stable and uniform celestial reference frame}",
      journal = {\mnras},
     keywords = {catalogues, astrometry, reference systems, Astrophysics - Astrophysics of Galaxies, Astrophysics - Instrumentation and Methods for Astrophysics},
         year = 2017,
        month = apr,
       volume = {466},
       number = {2},
        pages = {1567-1574},
          doi = {10.1093/mnras/stw3156},
archivePrefix = {arXiv},
       eprint = {1612.01685},
 primaryClass = {astro-ph.GA},
       adsurl = {https://ui.adsabs.harvard.edu/abs/2017MNRAS.466.1567L},
      adsnote = {Provided by the SAO/NASA Astrophysics Data System}
}

@ARTICLE{2016A&A...587A.112T,
       author = {{Taris}, F. and {Andrei}, A. and {Roland}, J. and {Klotz}, A. and {Vachier}, F. and {Souchay}, J.},
        title = "{Long-term R and V-band monitoring of some suitable targets for the link between ICRF and the future Gaia celestial reference frame}",
      journal = {\aap},
     keywords = {reference systems, astrometry, quasars: general},
         year = 2016,
        month = mar,
       volume = {587},
          eid = {A112},
        pages = {A112},
          doi = {10.1051/0004-6361/201526676},
       adsurl = {https://ui.adsabs.harvard.edu/abs/2016A&A...587A.112T},
      adsnote = {Provided by the SAO/NASA Astrophysics Data System}
}

@ARTICLE{2015AJ....150...58F,
       author = {{Fey}, A.~L. and {Gordon}, D. and {Jacobs}, C.~S. and {Ma}, C. and {Gaume}, R.~A. and {Arias}, E.~F. and {Bianco}, G. and {Boboltz}, D.~A. and {B{\"o}ckmann}, S. and {Bolotin}, S. and {Charlot}, P. and {Collioud}, A. and {Engelhardt}, G. and {Gipson}, J. and {Gontier}, A. -M. and {Heinkelmann}, R. and {Kurdubov}, S. and {Lambert}, S. and {Lytvyn}, S. and {MacMillan}, D.~S. and {Malkin}, Z. and {Nothnagel}, A. and {Ojha}, R. and {Skurikhina}, E. and {Sokolova}, J. and {Souchay}, J. and {Sovers}, O.~J. and {Tesmer}, V. and {Titov}, O. and {Wang}, G. and {Zharov}, V.},
        title = "{The Second Realization of the International Celestial Reference Frame by Very Long Baseline Interferometry}",
      journal = {\aj},
     keywords = {astrometry, catalogs, quasars: general, radio continuum: galaxies, reference systems, techniques: interferometric},
         year = 2015,
        month = aug,
       volume = {150},
       number = {2},
          eid = {58},
        pages = {58},
          doi = {10.1088/0004-6256/150/2/58},
       adsurl = {https://ui.adsabs.harvard.edu/abs/2015AJ....150...58F},
      adsnote = {Provided by the SAO/NASA Astrophysics Data System}
}

@ARTICLE{2014A&A...570A.108L,
       author = {{Lambert}, S.},
        title = "{Comparison of VLBI radio source catalogs}",
      journal = {\aap},
     keywords = {astrometry, reference systems},
         year = 2014,
        month = oct,
       volume = {570},
          eid = {A108},
        pages = {A108},
          doi = {10.1051/0004-6361/201424477},
       adsurl = {https://ui.adsabs.harvard.edu/abs/2014A&A...570A.108L},
      adsnote = {Provided by the SAO/NASA Astrophysics Data System}
}

@ARTICLE{2014JGeod..88..575S,
       author = {{Shabala}, Stanislav S. and {Rogers}, Jonathan G. and {McCallum}, Jamie N. and {Titov}, Oleg A. and {Blanchard}, Jay and {Lovell}, James E.~J. and {Watson}, Christopher S.},
        title = "{The effects of frequency-dependent quasar variability on the celestial reference frame}",
      journal = {Journal of Geodesy},
     keywords = {Very long baseline interferometry (VLBI), Astrometry, Celestial reference frame (CRF), Source structure, Quasar variability, Light curves, Core shift, International VLBI Service for Geodesy and Astrometry (IVS), Astrophysics - Cosmology and Nongalactic Astrophysics, Astrophysics - Instrumentation and Methods for Astrophysics},
         year = 2014,
        month = jun,
       volume = {88},
       number = {6},
        pages = {575-586},
          doi = {10.1007/s00190-014-0706-z},
archivePrefix = {arXiv},
       eprint = {1306.0696},
 primaryClass = {astro-ph.CO},
       adsurl = {https://ui.adsabs.harvard.edu/abs/2014JGeod..88..575S},
      adsnote = {Provided by the SAO/NASA Astrophysics Data System}
}

@ARTICLE{2013MNRAS.434..585S,
       author = {{Schaap}, R.~G. and {Shabala}, S.~S. and {Ellingsen}, S.~P. and {Titov}, O.~A. and {Lovell}, J.~E.~J.},
        title = "{Scintillation is an indicator of astrometric stability}",
      journal = {\mnras},
     keywords = {scattering, astrometry, reference systems, ISM: structure, quasars: general, Astrophysics - Cosmology and Nongalactic Astrophysics, Astrophysics - Instrumentation and Methods for Astrophysics},
         year = 2013,
        month = sep,
       volume = {434},
       number = {1},
        pages = {585-594},
          doi = {10.1093/mnras/stt1049},
archivePrefix = {arXiv},
       eprint = {1306.4398},
 primaryClass = {astro-ph.CO},
       adsurl = {https://ui.adsabs.harvard.edu/abs/2013MNRAS.434..585S},
      adsnote = {Provided by the SAO/NASA Astrophysics Data System}
}

@ARTICLE{2013A&A...553A.122L,
       author = {{Lambert}, S.},
        title = "{Time stability of the ICRF2 axes}",
      journal = {\aap},
     keywords = {astrometry, reference systems, techniques: interferometric},
         year = 2013,
        month = may,
       volume = {553},
          eid = {A122},
        pages = {A122},
          doi = {10.1051/0004-6361/201321320},
       adsurl = {https://ui.adsabs.harvard.edu/abs/2013A&A...553A.122L},
      adsnote = {Provided by the SAO/NASA Astrophysics Data System}
}

@ARTICLE{2013A&A...552A..98T,
       author = {{Taris}, F. and {Andrei}, A. and {Klotz}, A. and {Vachier}, F. and {C{\^o}te}, R. and {Bouquillon}, S. and {Souchay}, J. and {Lambert}, S. and {Anton}, S. and {Bourda}, G. and {Coward}, D.},
        title = "{Optical monitoring of extragalactic sources for linking the ICRF and the future Gaia celestial reference frame. I. Variability of ICRF sources}",
      journal = {\aap},
     keywords = {reference systems, astrometry, quasars: general},
         year = 2013,
        month = apr,
       volume = {552},
          eid = {A98},
        pages = {A98},
          doi = {10.1051/0004-6361/201219686},
       adsurl = {https://ui.adsabs.harvard.edu/abs/2013A&A...552A..98T},
      adsnote = {Provided by the SAO/NASA Astrophysics Data System}
}

@ARTICLE{2012A&A...547A..59M,
       author = {{Mignard}, F. and {Klioner}, S.},
        title = "{Analysis of astrometric catalogues with vector spherical harmonics}",
      journal = {\aap},
     keywords = {astrometry, proper motions, reference systems, methods: data analysis, Astrophysics - Instrumentation and Methods for Astrophysics, General Relativity and Quantum Cosmology},
         year = 2012,
        month = nov,
       volume = {547},
          eid = {A59},
        pages = {A59},
          doi = {10.1051/0004-6361/201219927},
archivePrefix = {arXiv},
       eprint = {1207.0025},
 primaryClass = {astro-ph.IM},
       adsurl = {https://ui.adsabs.harvard.edu/abs/2012A&A...547A..59M},
      adsnote = {Provided by the SAO/NASA Astrophysics Data System}
}

@ARTICLE{2011AJ....141..178M,
       author = {{Mo{\'o}r}, A. and {Frey}, S. and {Lambert}, S.~B. and {Titov}, O.~A. and {Bakos}, J.},
        title = "{On the Connection of the Apparent Proper Motion and the VLBI Structure of Compact Radio Sources}",
      journal = {\aj},
     keywords = {BL Lacertae objects: individual: OJ 287, galaxies: active, quasars: general, radio continuum: galaxies, reference systems, techniques: interferometric, Astrophysics - Cosmology and Extragalactic Astrophysics},
         year = 2011,
        month = jun,
       volume = {141},
       number = {6},
          eid = {178},
        pages = {178},
          doi = {10.1088/0004-6256/141/6/178},
archivePrefix = {arXiv},
       eprint = {1103.3963},
 primaryClass = {astro-ph.CO},
       adsurl = {https://ui.adsabs.harvard.edu/abs/2011AJ....141..178M},
      adsnote = {Provided by the SAO/NASA Astrophysics Data System}
}

@ARTICLE{2011AJ....141...91F,
       author = {{Fomalont}, Ed and {Johnston}, Kenneth and {Fey}, Alan and {Boboltz}, Dave and {Oyama}, Tamoaki and {Honma}, Mareki},
        title = "{The Position/Structure Stability of Four ICRF2 Sources}",
      journal = {\aj},
     keywords = {astrometry, quasars: general, radio continuum: galaxies, surveys, Astrophysics - Cosmology and Nongalactic Astrophysics},
         year = 2011,
        month = mar,
       volume = {141},
       number = {3},
          eid = {91},
        pages = {91},
          doi = {10.1088/0004-6256/141/3/91},
archivePrefix = {arXiv},
       eprint = {1012.2804},
 primaryClass = {astro-ph.CO},
       adsurl = {https://ui.adsabs.harvard.edu/abs/2011AJ....141...91F},
      adsnote = {Provided by the SAO/NASA Astrophysics Data System}
}

@INPROCEEDINGS{2009jsrs.conf..199A,
       author = {{Andrei}, A.~H. and {Bouquillon}, S. and {de Camargo}, J.~I.~B. and {Penna}, J.~L. and {Taris}, F. and {Souchay}, J. and {da Silva Neto}, D.~N. and {Vieira Martins}, R. and {Assafin}, M.},
        title = "{Astrometric and photometric variability in quasars}",
     keywords = {Earth rotation, reference systems, relativity, time, ephemerides},
    booktitle = {Journ\&eacute;es Syst\&egrave;mes de R\&eacute;f\&eacute;rence Spatio-temporels 2008},
         year = 2009,
       editor = {{Soffel}, M. and {Capitaine}, N.},
        month = sep,
        pages = {199-202},
       adsurl = {https://ui.adsabs.harvard.edu/abs/2009jsrs.conf..199A},
      adsnote = {Provided by the SAO/NASA Astrophysics Data System}
}

@ARTICLE{2009A&A...493..317L,
       author = {{Lambert}, S.~B. and {Gontier}, A. -M.},
        title = "{On radio source selection to define a stable celestial frame}",
      journal = {\aap},
     keywords = {reference systems, Earth},
         year = 2009,
        month = jan,
       volume = {493},
       number = {1},
        pages = {317-323},
          doi = {10.1051/0004-6361:200810582},
       adsurl = {https://ui.adsabs.harvard.edu/abs/2009A&A...493..317L},
      adsnote = {Provided by the SAO/NASA Astrophysics Data System}
}

@ARTICLE{2008A&A...481..535L,
       author = {{Lambert}, S.~B. and {Dehant}, V. and {Gontier}, A. -M.},
        title = "{Celestial frame instability in VLBI analysis and its impact on geophysics}",
      journal = {\aap},
     keywords = {reference systems, Earth},
         year = 2008,
        month = apr,
       volume = {481},
       number = {2},
        pages = {535-541},
          doi = {10.1051/0004-6361:20078489},
       adsurl = {https://ui.adsabs.harvard.edu/abs/2008A&A...481..535L},
      adsnote = {Provided by the SAO/NASA Astrophysics Data System}
}

@ARTICLE{2006A&A...452.1107F,
       author = {{Feissel-Vernier}, M. and {Ma}, C. and {Gontier}, A. -M. and {Barache}, C.},
        title = "{Analysis strategy issues for the maintenance of the ICRF axes}",
      journal = {\aap},
     keywords = {astrometry, reference systems, galaxies: quasars: general},
         year = 2006,
        month = jun,
       volume = {452},
       number = {3},
        pages = {1107-1112},
          doi = {10.1051/0004-6361:20054581},
       adsurl = {https://ui.adsabs.harvard.edu/abs/2006A&A...452.1107F},
      adsnote = {Provided by the SAO/NASA Astrophysics Data System}
}

@ARTICLE{2004A&A...422.1105A,
       author = {{Arias}, E.~F. and {Bouquillon}, S.},
        title = "{Representation of the International Celestial Reference System (ICRS) by different sets of selected radio sources}",
      journal = {\aap},
     keywords = {reference systems, techniques: interferometric},
         year = 2004,
        month = aug,
       volume = {422},
        pages = {1105-1108},
          doi = {10.1051/0004-6361:20034116},
       adsurl = {https://ui.adsabs.harvard.edu/abs/2004A&A...422.1105A},
      adsnote = {Provided by the SAO/NASA Astrophysics Data System}
}

@INPROCEEDINGS{2004ivsg.conf..267T,
       author = {{Titov}, Oleg and {Tesmer}, Volker and {Boehm}, Johannes},
        title = "{OCCAM v.6.0 Software for VLBI Data Analysis}",
    booktitle = {International VLBI Service for Geodesy and Astrometry 2004 General Meeting Proceedings},
         year = 2004,
       editor = {{Vandenberg}, Nancy R. and {Baver}, Karen D.},
        month = jun,
        pages = {267},
       adsurl = {https://ui.adsabs.harvard.edu/abs/2004ivsg.conf..267T},
      adsnote = {Provided by the SAO/NASA Astrophysics Data System}
}

@ARTICLE{2003JGRB..108.2275D,
       author = {{Dehant}, V. and {Feissel-Vernier}, M. and {de Viron}, O. and {Ma}, C. and {Yseboodt}, M. and {Bizouard}, C.},
        title = "{Remaining error sources in the nutation at the submilliarc second level}",
      journal = {Journal of Geophysical Research (Solid Earth)},
     keywords = {Geodesy and Gravity: Diurnal and subdiurnal rotational variations, Geodesy and Gravity: Earth's interior-dynamics (8115, 8120), Geodesy and Gravity: Ocean/Earth/atmosphere interactions (3339), Geodesy and Gravity: Reference systems, Earth rotation, nutation, VLBI},
         year = 2003,
        month = may,
       volume = {108},
       number = {B5},
          eid = {2275},
        pages = {2275},
          doi = {10.1029/2002JB001763},
       adsurl = {https://ui.adsabs.harvard.edu/abs/2003JGRB..108.2275D},
      adsnote = {Provided by the SAO/NASA Astrophysics Data System}
}

@ARTICLE{2003A&A...403..105F,
       author = {{Feissel-Vernier}, M.},
        title = "{Selecting stable extragalactic compact radio sources from the permanent astrogeodetic VLBI program}",
      journal = {\aap},
     keywords = {quasars: general, astrometry, reference systems},
         year = 2003,
        month = may,
       volume = {403},
        pages = {105-110},
          doi = {10.1051/0004-6361:20030348},
       adsurl = {https://ui.adsabs.harvard.edu/abs/2003A&A...403..105F},
      adsnote = {Provided by the SAO/NASA Astrophysics Data System}
}

@ARTICLE{1998MNRAS.300..287S,
       author = {{Sazhin}, M.~V. and {Zharov}, V.~E. and {Volynkin}, A.~V. and {Kalinina}, T.~A.},
        title = "{Microarcsecond instability of the celestial reference frame}",
      journal = {\mnras},
     keywords = {ASTROMETRY, REFERENCE SYSTEMS, QUASARS: GENERAL, GRAVITATIONAL LENSING, Astrophysics},
         year = 1998,
        month = oct,
       volume = {300},
       number = {1},
        pages = {287-291},
          doi = {10.1046/j.1365-8711.1998.01908.x},
archivePrefix = {arXiv},
       eprint = {astro-ph/9806248},
 primaryClass = {astro-ph},
       adsurl = {https://ui.adsabs.harvard.edu/abs/1998MNRAS.300..287S},
      adsnote = {Provided by the SAO/NASA Astrophysics Data System}
}

@ARTICLE{1998AJ....116..516M,
       author = {{Ma}, C. and {Arias}, E.~F. and {Eubanks}, T.~M. and {Fey}, A.~L. and {Gontier}, A. -M. and {Jacobs}, C.~S. and {Sovers}, O.~J. and {Archinal}, B.~A. and {Charlot}, P.},
        title = "{The International Celestial Reference Frame as Realized by Very Long Baseline Interferometry}",
      journal = {\aj},
     keywords = {ASTROMETRY, CATALOGS, GALAXIES: QUASARS: GENERAL, RADIO CONTINUUM, REFERENCE SYSTEMS, TECHNIQUES: INTERFEROMETRIC},
         year = 1998,
        month = jul,
       volume = {116},
       number = {1},
        pages = {516-546},
          doi = {10.1086/300408},
       adsurl = {https://ui.adsabs.harvard.edu/abs/1998AJ....116..516M},
      adsnote = {Provided by the SAO/NASA Astrophysics Data System}
}

@ARTICLE{1986AJ.....92.1020M,
       author = {{Ma}, C. and {Clark}, T.~A. and {Ryan}, J.~W. and {Herring}, T.~A. and {Shapiro}, I.~I. and {Corey}, B.~E. and {Hinteregger}, H.~F. and {Rogers}, A.~E.~E. and {Whitney}, A.~R. and {Knight}, C.~A. and {Lundqvist}, G.~L. and {Shaffer}, D.~B. and {Vandenberg}, N.~R. and {Pigg}, J.~C. and {Schupler}, B.~R. and {Ronnang}, B.~O.},
        title = "{Radio-source positions from VLBI.}",
      journal = {\aj},
     keywords = {Extragalactic Radio Sources, Radio Astronomy, Very Long Base Interferometry, Astronomical Catalogs, Astronomical Coordinates, Instrument Errors, Position (Location), Astronomy},
         year = 1986,
        month = nov,
       volume = {92},
        pages = {1020-1029},
          doi = {10.1086/114232},
       adsurl = {https://ui.adsabs.harvard.edu/abs/1986AJ.....92.1020M},
      adsnote = {Provided by the SAO/NASA Astrophysics Data System}
}

